<record><leader>02254pam a2200373 i 4500</leader><controlfield tag="001">6803326</controlfield><controlfield tag="003">OCoLC</controlfield><controlfield tag="005">20150127083648.0</controlfield><controlfield tag="008">141017s2015    njua     b    001 0 eng  </controlfield><datafield ind1=" " ind2=" " tag="010"><subfield code="a">  2014018395</subfield></datafield><datafield ind1=" " ind2=" " tag="020"><subfield code="a">9781118348284 (paperback)</subfield></datafield><datafield ind1=" " ind2=" " tag="020"><subfield code="a">1118348281 (paperback)</subfield></datafield><datafield ind1=" " ind2=" " tag="035"><subfield code="a">ocn896893175</subfield></datafield><datafield ind1=" " ind2=" " tag="040"><subfield code="a">DLC</subfield><subfield code="b">eng</subfield><subfield code="e">rda</subfield><subfield code="c">DLC</subfield><subfield code="d">YDXCP</subfield><subfield code="d">BDX</subfield><subfield code="d">BTCTA</subfield><subfield code="d">OCLCF</subfield><subfield code="d">UAB</subfield><subfield code="d">AEU</subfield></datafield><datafield ind1=" " ind2=" " tag="042"><subfield code="a">pcc</subfield></datafield><datafield ind1="0" ind2="0" tag="050"><subfield code="a">HQ734</subfield><subfield code="b">.F2416 2015</subfield></datafield><datafield ind1="0" ind2="0" tag="082"><subfield code="a">306.87</subfield><subfield code="2">23</subfield></datafield><datafield ind1=" " ind2=" " tag="090"><subfield code="a">HQ 734 F3416 2015</subfield><subfield code="b">AEU</subfield></datafield><datafield ind1="0" ind2="0" tag="245"><subfield code="a">Family problems :</subfield><subfield code="b">stress, risk, and resilience /</subfield><subfield code="c">edited by Joyce A. Arditti.</subfield></datafield><datafield ind1=" " ind2="1" tag="264"><subfield code="a">West Sussex, UK :</subfield><subfield code="b">Wiley Blackwell,</subfield><subfield code="c">2015.</subfield></datafield><datafield ind1=" " ind2=" " tag="300"><subfield code="a">xiv, 379 pages :</subfield><subfield code="b">illustrations ;</subfield><subfield code="c">25 cm</subfield></datafield><datafield ind1=" " ind2=" " tag="336"><subfield code="a">text</subfield><subfield code="b">txt</subfield><subfield code="2">rdacontent</subfield></datafield><datafield ind1=" " ind2=" " tag="337"><subfield code="a">unmediated</subfield><subfield code="b">n</subfield><subfield code="2">rdamedia</subfield></datafield><datafield ind1=" " ind2=" " tag="338"><subfield code="a">volume</subfield><subfield code="b">nc</subfield><subfield code="2">rdacarrier</subfield></datafield><datafield ind1=" " ind2=" " tag="504"><subfield code="a">Includes bibliographical references and index.</subfield></datafield><datafield ind1=" " ind2=" " tag="520"><subfield code="a">"Family Problems: Stress, Risk, and Resilience presents an interdisciplinary collection of original essays that push the boundaries of family science to reflect the increasingly diverse complexity of family concerns in the modern world. Represents the most up-to-date family problem research while addressing such contemporary issues as parental incarceration, same sex marriage, health care disparities, and welfare reform Features brief chapter introductions that provide context and direction to guide the student to the heart of what's important in the piece that follows Includes critical thinking questions to enhance the utility of the book for classroom use Responds to family problem issues through the lens of a social justice perspective "--</subfield><subfield code="c">Provided by publisher.</subfield></datafield><datafield ind1=" " ind2=" " tag="520"><subfield code="a">"Represents the most up-to-date family problem research while addressing such contemporary issues as parental incarceration, same sex marriage, health care disparities, and welfare reform"--</subfield><subfield code="c">Provided by publisher.</subfield></datafield><datafield ind1=" " ind2=" " tag="596"><subfield code="a">43</subfield></datafield><datafield ind1=" " ind2="0" tag="650"><subfield code="a">Dysfunctional families.</subfield></datafield><datafield ind1=" " ind2="0" tag="650"><subfield code="a">Parent and child.</subfield></datafield><datafield ind1=" " ind2="0" tag="650"><subfield code="a">Child welfare.</subfield></datafield><datafield ind1="1" ind2=" " tag="700"><subfield code="a">Arditti, Joyce A.,</subfield><subfield code="e">editor.</subfield></datafield><datafield ind1=" " ind2=" " tag="949"><subfield code="a">HQ 734 F3416 2015</subfield><subfield code="c">1</subfield><subfield code="h">UAHS-B</subfield><subfield code="i">0162035235637</subfield></datafield><datafield ind1=" " ind2=" " tag="926"><subfield code="a">HQ 734 F3416 2015</subfield><subfield code="w">LC</subfield><subfield code="c">1</subfield><subfield code="i">0162035235637</subfield><subfield code="d">3/3/2017</subfield><subfield code="e">3/3/2017</subfield><subfield code="k">ILL_</subfield><subfield code="l">ON_SHELF</subfield><subfield code="m">UAHSS</subfield><subfield code="n">1</subfield><subfield code="p">$150.00</subfield><subfield code="r">M</subfield><subfield code="s">Y</subfield><subfield code="t">BOOK</subfield><subfield code="u">2/11/2015</subfield></datafield></record>